@article{hornik_1989,
  title={Multilayer feedforward networks are universal approximators},
  author={Hornik, Kurt and Stinchcombe, Maxwell and White, Halbert},
  journal={Neural Networks},
  volume={2},
  number={5},
  pages={359-366},
  year={1989},
}

@article{cybenko_1989,
  title={Approximation by superpositions of a sigmoidal function},
  author={Cybenko, G.},
  journal={Mathematics of Control Signals \& Systems},
  volume={9},
  number={3},
  pages={17-28},
  year={1993},
}